@book{bib:livrofotogrametria,
author = {Luiz Carlos Teixeira Coelho{ }Filho and Jorge Luis Nunes e Silva Brito},
title = {Fotogrametria digital},
address = {Rio de Janeiro},
publisher = {Editora EdUERJ},
year = {2007}
}

@book{bib:Filho2020,
author = {Jo{\~a}o Eriberto Mota{ }Filho},
title = {Empacotamento de Software no Debian},
edition = {},
address = {{[}S.l.},
publisher = {s.n.},
year = {2020},
pages = {2},
urlaccessdate = {1 nov. 2020}
}

@book{bib:Josip,
	author = {Josip Rodin},
	title = {Debian New Maintainers Guide},
	edition = {},
	address = {{[}S.l.},
	publisher = {s.n.},
	year = {1998},
	pages = {11},
	urlaccessdate = {24 dez. 2020}
}

@book{bib:Lucas,
	author = {Lucas Nussbaum},
	title = {Manual de Empacotamento de Debian},
	edition = {},
	address = {{[}S.l.},
	publisher = {s.n.},
	year = {2021},
	pages = {90},
	urlaccessdate = {8 jan. 2021}
}

@book{bib:Ian,
	author = {Ian Jackson},
	title = {Debian Policy Manual},
	edition = {},
	address = {{[}S.l.},
	publisher = {s.n.},
	year = {1996},
	pages = {12},
	urlaccessdate = {1 nov. 2020}
}

@book{bib:gis,
	author = {Andreas Tille},
	title = {Debian GIS Policy},
	edition = {Charles Plessy},
	address = {{[}S.l.},
	publisher = {s.n.},
	year = {2011},
	pages = {5},
	urlaccessdate = {1 dez. 2020}
}